references for the IEEEtran.bst documentation
IEEEtran homepage
@electronic{IEEEhowto:IEEEtranpage,
  author        = "Michael Shell",
  title         = "{IEEE}tran Homepage",
  url           = "http://www.michaelshell.org/tex/ieeetran/",
  year          = "2008"
}

@electronic{IEEEhowto:IEEEtranpage,
  author        = "MALLBA",
  title         = "{IEEE}tran Homepage",
  url           = "http://neo.lcc.uma.es/mallba/easy-mallba/html/appendixA.html",
  year          = "2000"
}
