@electronic{refmallba,
  author        = {Michael Shell},
  title         = {{IEEE}tran Homepage},
  url           = {http://www.michaelshell.org/tex/ieeetran/},
  year          = {2008}
}
